@article{barbera2015birds,
  title={Birds of the same feather tweet together: Bayesian ideal point estimation using Twitter data},
  author={Barber{\'a}, Pablo},
  journal={Political analysis},
  volume={23},
  number={1},
  pages={76--91},
  year={2015},
  publisher={Cambridge University Press}
}